@article{williams1982behavioural,
  title={Behavioural theories of dispersion and the mis-specification of travel demand models},
  author={Williams, HCWL and Ort{\'u}zar, J de D},
  journal={Transportation Research Part B: Methodological},
  volume={16},
  number={3},
  pages={167--219},
  year={1982},
  publisher={Elsevier}
}

@book{swait_1984_probabilistic,
  title={Probabilistic choice set formation in transportation demand models},
  author={Swait, Joffre},
  year={1984},
  publisher={Unpublished Ph.D. Thesis, Dept. of Civil Engineering, Massachusetts Institute of Technology},
  address={Cambridge, MA}
}

@article{swait1987incorporating,
  title={Incorporating random constraints in discrete models of choice set generation},
  author={Swait, Joffre and Ben-Akiva, Moshe},
  journal={Transportation Research Part B: Methodological},
  volume={21},
  number={2},
  pages={91--102},
  year={1987},
  publisher={Elsevier}
}

@article{swait1987empirical,
  title={Empirical test of a constrained choice discrete model: mode choice in Sao Paulo, Brazil},
  author={Swait, Joffre and Ben-Akiva, Moshe},
  journal={Transportation Research Part B: Methodological},
  volume={21},
  number={2},
  pages={103--115},
  year={1987},
  publisher={Elsevier}
}

@article{swait_2001_non,
  title={A non-compensatory choice model incorporating attribute cutoffs},
  author={Swait, Joffre},
  journal={Transportation Research Part B: Methodological},
  volume={35},
  number={10},
  pages={903--928},
  year={2001},
  publisher={Elsevier}
}

@article{swait_2001_influence,
  title={The influence of task complexity on consumer choice: a latent class model of decision strategy switching},
  author={Swait, Joffre and Adamowicz, Wiktor},
  journal={Journal of Consumer Research},
  volume={28},
  number={1},
  pages={135--148},
  year={2001},
  publisher={The Oxford University Press}
}

@article{swait_2001_choice,
	title = {Choice set generation within the generalized extreme value family of discrete choice models},
	volume = {35},
	url = {http://www.sciencedirect.com/science/article/pii/S0191261500000291},
	number = {7},
	urldate = {2015-01-21},
	journal = {Transportation Research Part B: Methodological},
	author = {Swait, Joffre},
	year = {2001},
	keywords = {Choice set generation, Discrete choice models, GEV models},
	pages = {643--666}
}

@article{swait_2009_choice,
  title={Choice models based on mixed discrete/continuous PDFs},
  author={Swait, Joffre},
  journal={Transportation Research Part B: Methodological},
  volume={43},
  number={7},
  pages={766--783},
  year={2009},
  publisher={Elsevier}
}

@article{gilbride_2004_choice,
  title={A choice model with conjunctive, disjunctive, and compensatory screening rules},
  author={Gilbride, Timothy J and Allenby, Greg M},
  journal={Marketing Science},
  volume={23},
  number={3},
  pages={391--406},
  year={2004},
  publisher={INFORMS}
}

@article{bhat2015comprehensive,
  title={A comprehensive dwelling unit choice model accommodating psychological constructs within a search strategy for consideration set formation},
  author={Bhat, Chandra R},
  journal={Transportation Research Part B: Methodological},
  volume={79},
  pages={161--188},
  year={2015},
  publisher={Elsevier}
}

@article{cantillo2006discrete,
  title={A discrete choice model incorporating thresholds for perception in attribute values},
  author={Cantillo, V{\'\i}ctor and Heydecker, Benjamin and de Dios Ort{\'u}zar, Juan},
  journal={Transportation Research Part B: Methodological},
  volume={40},
  number={9},
  pages={807--825},
  year={2006},
  publisher={Elsevier}
}

@article{arentze_2004_learning,
  title={A learning-based transportation oriented simulation system},
  author={Arentze, Theo A and Timmermans, Harry JP},
  journal={Transportation Research Part B: Methodological},
  volume={38},
  number={7},
  pages={613--633},
  year={2004},
  publisher={Elsevier}
}

@article{arentze_2007_parametric,
  title={Parametric action decision trees: Incorporating continuous attribute variables into rule-based models of discrete choice},
  author={Arentze, Theo A and Timmermans, Harry JP},
  journal={Transportation Research Part B: Methodological},
  volume={41},
  number={7},
  pages={772--783},
  year={2007},
  publisher={Elsevier}
}

@article{elrod_2004_new,
  title={A new integrated model of noncompensatory and compensatory decision strategies},
  author={Elrod, Terry and Johnson, Richard D and White, Joan},
  journal={Organizational Behavior and Human Decision Processes},
  volume={95},
  number={1},
  pages={1--19},
  year={2004},
  publisher={Elsevier}
}

@article{recker1979non,
  title={A non-compensatory model of transportation behavior based on sequential consideration of attributes},
  author={Recker, Wilfred W and Golob, Thomas F},
  journal={Transportation Research Part B: Methodological},
  volume={13},
  number={4},
  pages={269--280},
  year={1979},
  publisher={Elsevier}
}

@article{young_1984_non,
  title={A non-tradeoff decision making model of residential location choice},
  author={Young, William},
  journal={Transportation Research Part A: General},
  volume={18},
  number={1},
  pages={1--11},
  year={1984},
  publisher={Elsevier}
}

@article{stuttgen2012satisficing,
  title={A satisficing choice model},
  author={St{\"u}ttgen, Peter and Boatwright, Peter and Monroe, Robert T},
  journal={Marketing Science},
  volume={31},
  number={6},
  pages={878--899},
  year={2012},
  publisher={INFORMS}
}

@article{cantillo_2005_semi,
  title={A semi-compensatory discrete choice model with explicit attribute thresholds of perception},
  author={Cantillo, V{\'\i}ctor and de Dios Ort{\'u}zar, Juan},
  journal={Transportation Research Part B: Methodological},
  volume={39},
  number={7},
  pages={641--657},
  year={2005},
  publisher={Elsevier}
}

@article{hess2012allowing,
  title={Allowing for heterogeneous decision rules in discrete choice models: an approach and four case studies},
  author={Hess, Stephane and Stathopoulos, Amanda and Daly, Andrew},
  journal={Transportation},
  volume={39},
  number={3},
  pages={565--591},
  year={2012},
  publisher={Springer}
}

@article{adamowicz2008behavioral,
  title={Behavioral frontiers in choice modeling},
  author={Adamowicz, Wiktor and Bunch, David and Cameron, Trudy Ann and Dellaert, Benedict GC and Hanneman, Michael and Keane, Michael and Louviere, Jordan and Meyer, Robert and Steenburgh, Thomas and Swait, Joffre},
  journal={Marketing Letters},
  volume={19},
  number={3-4},
  pages={215--228},
  year={2008},
  publisher={Springer}
}

@article{rasouli2014current,
  title={Current issues in choice modeling:: choice set specification, non-utility-maximizing behavior and discrete-continuous choice problems},
  author={Rasouli, S Soora and Shiftan, Yoram and Timmermans, HJP Harry},
  journal={Journal of Choice Modelling},
  volume={9},
  pages={1},
  year={2014}
}

@article{bronner_1982_decision,
  title={Decision styles in transport mode choice},
  author={Bronner, AE},
  journal={Journal of Economic Psychology},
  volume={2},
  number={2},
  pages={81--101},
  year={1982},
  publisher={Elsevier}
}

@incollection{katsikopoulos2014decision,
  title={Decision theory and rules of thumb},
  author={Katsikopoulos, Konstantinos V},
  booktitle={Human-Centric Decision-Making Models for Social Sciences},
  pages={75--96},
  year={2014},
  publisher={Springer}
}

@article{kaplan_2009_two,
  title={Two-stage model for jointly revealing determinants of noncompensatory conjunctive choice set formation and compensatory choice},
  author={Kaplan, Sigal and Bekhor, Shlomo and Shiftan, Yoram},
  journal={Transportation Research Record: Journal of the Transportation Research Board},
  number={2134},
  pages={153--163},
  year={2009},
  publisher={Transportation Research Board of the National Academies}
}

@article{kaplan_2012_closing,
  title={Closing the gap between behavior and models in route choice: The role of spatiotemporal constraints and latent traits in choice set formation},
  author={Kaplan, Sigal and Prato, Carlo Giacomo},
  journal={Transportation Research Part F: traffic psychology and behaviour},
  volume={15},
  number={1},
  pages={9--24},
  year={2012},
  publisher={Elsevier}
}

@article{kaplan_2012_development,
  title={Development and estimation of a semi-compensatory model with a flexible error structure},
  author={Kaplan, Sigal and Shiftan, Yoram and Bekhor, Shlomo},
  journal={Transportation Research Part B: Methodological},
  volume={46},
  number={2},
  pages={291--304},
  year={2012},
  publisher={Elsevier}
}

@article{ben1995discrete,
  title={Discrete choice models with latent choice sets},
  author={Ben-Akiva, Moshe and Boccara, Bruno},
  journal={International Journal of Research in Marketing},
  volume={12},
  number={1},
  pages={9--24},
  year={1995},
  publisher={Elsevier}
}

@article{hauser_2010_disjunctions,
  title={Disjunctions of conjunctions, cognitive simplicity, and consideration sets},
  author={Hauser, John R and Toubia, Olivier and Evgeniou, Theodoros and Befurt, Rene and Dzyabura, Daria},
  journal={Journal of Marketing Research},
  volume={47},
  number={3},
  pages={485--496},
  year={2010},
  publisher={American Marketing Association}
}

@article{cascetta2009dominance,
  title={Dominance among alternatives in random utility models},
  author={Cascetta, Ennio and Papola, Andrea},
  journal={Transportation Research Part A: Policy and Practice},
  volume={43},
  number={2},
  pages={170--179},
  year={2009},
  publisher={Elsevier}
}

@article{tversky_1972_elimination,
  title={Elimination by aspects: A theory of choice.},
  author={Tversky, Amos},
  journal={Psychological review},
  volume={79},
  number={4},
  pages={281—-299},
  year={1972},
  publisher={American Psychological Association}
}

@article{tversky_1986_rational,
  title={Rational Choice and the Framing of Decisions},
  author={Tversky, Amos and Kahneman, Daniel},
  journal={The Journal of Business},
  volume={59},
  number={4},
  pages={S251—S278},
  year={1986},
  publisher={The University of Chicago Press}
}

@article{leong_2012_embedding,
  title={Embedding decision heuristics in discrete choice models: A review},
  author={Leong, Waiyan and Hensher, David Alan},
  journal={Transport Reviews},
  volume={32},
  number={3},
  pages={313--331},
  year={2012},
  publisher={Taylor \& Francis}
}

@article{gilbride2006estimating,
  title={Estimating heterogeneous EBA and economic screening rule choice models},
  author={Gilbride, Timothy J and Allenby, Greg M},
  journal={Marketing Science},
  volume={25},
  number={5},
  pages={494--509},
  year={2006},
  publisher={INFORMS}
}

@article{yee2007greedoid,
  title={Greedoid-based noncompensatory inference},
  author={Yee, Michael and Dahan, Ely and Hauser, John R and Orlin, James},
  journal={Marketing Science},
  volume={26},
  number={4},
  pages={532--549},
  year={2007},
  publisher={INFORMS}
}

@article{gigerenzer2011heuristic,
  title={Heuristic decision making},
  author={Gigerenzer, Gerd and Gaissmaier, Wolfgang},
  journal={Annual review of psychology},
  volume={62},
  pages={451--482},
  year={2011},
  publisher={Annual Reviews}
}

@article{coombs_1951_mathematical,
  title={Mathematical models in psychological scaling},
  author={Coombs, Clyde H},
  journal={Journal of the American Statistical Association},
  volume={46},
  number={256},
  pages={480--489},
  year={1951},
  publisher={Taylor \& Francis}
}

@article{foerster1979mode,
  title={Mode choice decision process models: a comparison of compensatory and non-compensatory structures},
  author={Foerster, James F},
  journal={Transportation Research Part A: General},
  volume={13},
  number={1},
  pages={17--28},
  year={1979},
  publisher={Elsevier}
}

@article{truong_2015_modeling,
  title={Modeling non-compensatory preferences in environmental valuation},
  author={Truong, Thuy D and Wiktor, L and Boxall, Peter C},
  journal={Resource and Energy Economics},
  volume={39},
  pages={89--107},
  year={2015},
  publisher={Elsevier}
}

@article{jedidi_2005_probabilistic,
  title={Probabilistic subset-conjunctive models for heterogeneous consumers},
  author={Jedidi, Kamel and Kohli, Rajeev},
  journal={Journal of Marketing Research},
  volume={42},
  number={4},
  pages={483--494},
  year={2005},
  publisher={American Marketing Association}
}

@article{katsikopoulos2011psychological,
  title={Psychological heuristics for making inferences: Definition, performance, and the emerging theory and practice},
  author={Katsikopoulos, Konstantinos V},
  journal={Decision Analysis},
  volume={8},
  number={1},
  pages={10--29},
  year={2011},
  publisher={INFORMS}
}

@article{stern1999reactions,
  title={Reactions to congestion under time pressure},
  author={Stern, Eliahu},
  journal={Transportation Research Part C: Emerging Technologies},
  volume={7},
  number={2},
  pages={75--90},
  year={1999},
  publisher={Elsevier}
}

@article{gigerenzer_1996_reasoning,
  title={Reasoning the fast and frugal way: models of bounded rationality.},
  author={Gigerenzer, Gerd and Goldstein, Daniel G},
  journal={Psychological review},
  volume={103},
  number={4},
  pages={650},
  year={1996},
  publisher={American Psychological Association}
}

@article{kohli2007representation,
  title={Representation and inference of lexicographic preference models and their variants},
  author={Kohli, Rajeev and Jedidi, Kamel},
  journal={Marketing Science},
  volume={26},
  number={3},
  pages={380--399},
  year={2007},
  publisher={INFORMS}
}

@article{richardson1982search,
  title={Search models and choice set generation},
  author={Richardson, Anthony},
  journal={Transportation Research Part A: General},
  volume={16},
  number={5-6},
  pages={403--419},
  year={1982},
  publisher={Elsevier}
}

@article{zolfaghari_2013_simplified,
  title={Simplified probabilistic choice set formation models in a residential location choice context},
  author={Zolfaghari, Alireza and Sivakumar, Aruna and Polak, John},
  journal={Journal of choice modelling},
  volume={9},
  pages={3--13},
  year={2013},
  publisher={Elsevier}
}

@article{dawes_1964_social,
  title={Social selection based on multidimensional criteria.},
  author={Dawes, Robyn Mason},
  journal={The Journal of Abnormal and Social Psychology},
  volume={68},
  number={1},
  pages={104},
  year={1964},
  publisher={American Psychological Association}
}

@article{martinez_2009_constrained,
  title={The constrained multinomial logit: A semi-compensatory choice model},
  author={Mart{\'\i}nez, Francisco and Aguila, Felipe and Hurtubia, Ricardo},
  journal={Transportation Research Part B: Methodological},
  volume={43},
  number={3},
  pages={365--377},
  year={2009},
  publisher={Elsevier}
}

@article{manski_1977_structure,
  title={The structure of random utility models},
  author={Manski, Charles F},
  journal={Theory and decision},
  volume={8},
  number={3},
  pages={229--254},
  year={1977},
  publisher={Springer}
}

@article{einhorn1971use,
  title={Use of nonlinear, noncompensatory models as a function of task and amount of information},
  author={Einhorn, Hillel J},
  journal={Organizational Behavior and Human Performance},
  volume={6},
  number={1},
  pages={1--27},
  year={1971},
  publisher={Elsevier}
}

@article{blum_1992_rank,
  title={Rank-r decision trees are a subclass of r-decision lists},
  author={Blum, Avrim},
  journal={Information Processing Letters},
  volume={42},
  number={4},
  pages={183--185},
  year={1992},
  publisher={Elsevier}
}

@article{rivest_1987_learning,
  title={Learning decision lists},
  author={Rivest, Ronald L},
  journal={Machine Learning},
  volume={2},
  number={3},
  pages={229--246},
  year={1987},
  publisher={Springer}
}

@article{murthy_1994_system,
  title={A system for induction of oblique decision trees},
  author={Murthy, Sreerama K. and Kasif, Simon and Salzberg, Steven},
  journal={Journal of Artificial Intelligence Research},
  volume={2},
  pages={1--32},
  year={1994}
}

@article{kim_2001_classification,
  title={Classification trees with unbiased multiway splits},
  author={Kim, Hyunjoong and Loh, Wei-Yin},
  journal={Journal of the American Statistical Association},
  volume={96},
  number={454},
  pages={589--604},
  year={2001},
  publisher={Taylor \& Francis}
}

@article{ciampi_2002_prediction,
  title={Prediction trees with soft nodes for binary outcomes},
  author={Ciampi, Antonio and Couturier, Andr{\'e} and Li, Shaolin},
  journal={Statistics in medicine},
  volume={21},
  number={8},
  pages={1145--1165},
  year={2002},
  publisher={Wiley Online Library}
}

@article{bagallo_1990_boolean,
  title={Boolean feature discovery in empirical learning},
  author={Bagallo, Giulia and Haussler, David},
  journal={Machine Learning},
  volume={5},
  number={1},
  pages={71--99},
  year={1990},
  publisher={Springer}
}

@inproceedings{ittner_1996_non,
  title={Non-linear decision trees-NDT},
  author={Ittner, Andreas and Schlosser, Michael},
  booktitle={ICML},
  pages={252--257},
  year={1996},
  organization={Citeseer}
}

@article{simon_1955_behavioral,
  title={A Behavioral Model of Rational Choice},
  author={Simon, Herbert A},
  journal={The Quarterly Journal of Economics},
  volume={69},
  number={1},
  pages={99—-118},
  year={1955},
  publisher={The MIT Press}
}

@article{conlisk_1996_why,
  title={Why Bounded Rationality?},
  author={Conlisk, John},
  journal={Journal of Economic Literature},
  volume={34},
  number={2},
  pages={669—-700},
  year={1996},
  publisher={American Economic Association}
}

@article{loh_2014_fifty,
  title={Fifty Years of Classification and Regression Trees},
  author={Loh, Wei-Yin},
  journal={International Statistical Review},
  volume={82},
  number={3},
  pages={329—-348},
  year={2014},
  publisher={John Wiley \& Sons}
}

@book{rokach_2014_data,
  title={Data mining with decision trees: theory and applications},
  author={Rokach, Lior and Maimon, Oded},
  year={2014},
  publisher={World Scientific}
}

@article{letham_2015_interpretable,
  title={Interpretable classifiers using rules and Bayesian analysis: Building a better stroke prediction model},
  author={Letham, Benjamin and Rudin, Cynthia and McCormick, Tyler H and Madigan, David},
  journal={The Annals of Applied Statistics},
  volume={9},
  number={3},
  pages={1350--1371},
  year={2015},
  publisher={Institute of Mathematical Statistics}
}

@misc{university_of_california_2000,
  title={10.11.00 - Daniel L. McFadden wins Nobel Prize in Economics},
  author={{University of California at Berkeley}},
  shortauthor={UC Berkeley},
  url={http://www.berkeley.edu/news/features/2000/nobel/}, 
  year={2000},
  month={Oct}
} 

@article{manski_2001_daniel,
  title={Daniel McFadden and the Econometric Analysis of Discrete Choice},
  author={Charles F. Manski},
  journal={The Scandinavian Journal of Economics},
  volume={103},
  number={2},
  pages={217--229},
  year={2001},
  publisher={Wiley}
}

@article{mcfadden_2001_economic,
  title={Economic Choices},
  author={Daniel McFadden},
  journal={The American Economic Review},
  volume={91},
  number={3},
  pages={351--378},
  year={2001},
  publisher={American Economic Association}
}

@inproceedings{cox_1966_some,
  title={Some Procedures Connected with the Logistic Qualitative Response Curve},
  author={David R. Cox},
  booktitle={Research Papers in Statistics},
  editor={F. N. David},
  pages={55--71},
  year={1966},
  publisher={John Wiley \& Sons, New York}
}

@inproceedings{marschak_1960_binary,
  author={Jacob Marschak},
  title={Binary-Choice Constraints and Random Utility Indicators},
  booktitle={Stanford Symposium on Mathematical Methods in the Social Sciences},
  year={1960},
  publisher={Stanford University Press},
  address={Stanford, California}
}

@book{bishop_2006_pattern,
  title={Pattern recognition and machine learning},
  author={Bishop, Christopher M},
  year={2006},
  publisher={Springer}
}

@book{murphy_2012_machine,
  title={Machine learning: a probabilistic perspective},
  author={Murphy, Kevin P},
  year={2012},
  publisher={MIT press}
}

@book{friedman_2008_elements,
  title={{The Elements of Statistical Learning: Data Mining, Inference, and Prediction}},
  author={Friedman, Jerome and Hastie, Trevor and Tibshirani, Robert},
  edition = {2},
  year={2008},
  publisher={{Springer Series in Statistics}}
}

@article{fernandez_2014_do,
  title={Do we need hundreds of classifiers to solve real world classification problems?},
  author={Fern{\'a}ndez-Delgado, Manuel and Cernadas, Eva and Barro, Sen{\'e}n and Amorim, Dinani},
  journal={Journal of Machine Learning Research},
  volume={15},
  number={1},
  pages={3133--3181},
  year={2014}
}

@article{wainer_2016_comparison,
  title={Comparison of 14 different families of classification algorithms on 115 binary datasets},
  author={Wainer, Jacques},
  journal={arXiv preprint arXiv:1606.00930},
  year={2016}
}

@book{ben_1973_structure,
  title={Structure of passenger travel demand models},
  author={Ben-Akiva, Moshe E},
  year={1973},
  publisher={Ph.D. Thesis, Dept. of Civil Engineering, Massachusetts Institute of Technology},
  address={Cambridge, MA}
}

@techreport{bajari_2015_demand,
  title={Demand estimation with machine learning and model combination},
  author={Bajari, Patrick and Nekipelov, Denis and Ryan, Stephen P and Yang, Miaoyu},
  year={2015},
  institution={National Bureau of Economic Research}
}

@article{bajari_2015_machine,
  title={Machine learning methods for demand estimation},
  author={Bajari, Patrick and Nekipelov, Denis and Ryan, Stephen P and Yang, Miaoyu},
  journal={The American Economic Review},
  volume={105},
  number={5},
  pages={481--485},
  year={2015},
  publisher={American Economic Association}
}

@article{einav_2014_data,
  title={The data revolution and economic analysis},
  author={Einav, Liran and Levin, Jonathan},
  journal={Innovation Policy and the Economy},
  volume={14},
  number={1},
  pages={1--24},
  year={2014},
  publisher={University of Chicago Press Chicago, IL}
}

@book{train_2009_discrete,
      address = {New York, NY, USA},
      edition = {2},
      title = {Discrete {Choice} {Methods} {With} {Simulation}},
      isbn = {978-0-521-76655-5},
      shorttitle = {Discrete {Choice} {Methods} {With} {Simulation}},
      publisher = {Cambridge University Press},
      author = {Train, Kenneth},
      year = {2009}
}

@article{chorus_2012_random,
  title={Random regret minimization: an overview of model properties and empirical evidence},
  author={Chorus, Caspar},
  journal={Transport Reviews},
  volume={32},
  number={1},
  pages={75--92},
  year={2012},
  publisher={Taylor \& Francis}
}

@article{meila_2000_learning,
  title={Learning with mixtures of trees},
  author={Meila, Marina and Jordan, Michael I},
  journal={Journal of Machine Learning Research},
  volume={1},
  number={Oct},
  pages={1--48},
  year={2000}
}

@article{loh_2011_classification,
  title={Classification and regression trees},
  author={Loh, Wei-Yin},
  journal={Wiley Interdisciplinary Reviews: Data Mining and Knowledge Discovery},
  volume={1},
  number={1},
  pages={14--23},
  year={2011},
  publisher={Wiley Online Library}
}

@InProceedings{ruggieri_2017_enumerating,
  title = 	 {Enumerating Distinct Decision Trees},
  author = 	 {Salvatore Ruggieri},
  booktitle = 	 {Proceedings of the 34th International Conference on Machine Learning},
  pages = 	 {2960--2968},
  year = 	 {2017},
  editor = 	 {Doina Precup and Yee Whye Teh},
  volume = 	 {70},
  series = 	 {Proceedings of Machine Learning Research},
  address = 	 {International Convention Centre, Sydney, Australia},
  month = 	 {06--11 Aug},
  publisher = 	 {PMLR},
  pdf = 	 {http://proceedings.mlr.press/v70/ruggieri17a/ruggieri17a.pdf},
  url = 	 {http://proceedings.mlr.press/v70/ruggieri17a.html},
}

@article{hansen_1982_large,
  title={Large sample properties of generalized method of moments estimators},
  author={Hansen, Lars Peter},
  journal={Econometrica},
  volume={50},
  number={4},
  pages={1029--1054},
  year={1982},
  publisher={The Econometric Society}
}

@article{chipman_1998_bayesian,
  title={{Bayesian CART model search (with discussion)}},
  author={Chipman, Hugh A and George, Edward I and McCulloch, Robert E},
  journal={Journal of the American Statistical Association},
  volume={93},
  number={443},
  pages={935--960},
  year={1998},
  publisher={Taylor \& Francis Group}
}

@article{denison_1998_bayesian,
  title={A bayesian CART algorithm},
  author={Denison, David GT and Mallick, Bani K and Smith, Adrian FM},
  journal={Biometrika},
  volume={85},
  number={2},
  pages={363--377},
  year={1998},
  publisher={Oxford University Press}
}

@article{rokach_2005_top,
  title={Top-down induction of decision trees classifiers-a survey},
  author={Rokach, Lior and Maimon, Oded},
  journal={IEEE Transactions on Systems, Man, and Cybernetics, Part C (Applications and Reviews)},
  volume={35},
  number={4},
  pages={476--487},
  year={2005},
  publisher={IEEE}
}

@article{mingers_1989_empirical,
  title={An empirical comparison of pruning methods for decision tree induction},
  author={Mingers, John},
  journal={Machine Learning},
  volume={4},
  number={2},
  pages={227--243},
  year={1989},
  publisher={Springer}
}

@article{esposito_1997_comparative,
  title={A comparative analysis of methods for pruning decision trees},
  author={Esposito, Floriana and Malerba, Donato and Semeraro, Giovanni and Kay, J},
  journal={IEEE transactions on pattern analysis and machine intelligence},
  volume={19},
  number={5},
  pages={476--491},
  year={1997},
  publisher={IEEE}
}

@article{pratola_2016_efficient,
  title={Efficient Metropolis--Hastings proposal mechanisms for Bayesian regression tree models},
  author={Pratola, Matthew T},
  journal={Bayesian Analysis},
  volume={11},
  number={3},
  pages={885--911},
  year={2016},
  publisher={International Society for Bayesian Analysis}
}

@article{mohammadi_2016_comment,
  title={{Comment on ``Efficient Metropolis--Hastings proposal mechanisms for Bayesian regression tree models''}},
  author={Mohammadi, Abdolreza and Kaptein, Maurits},
  journal={Bayesian analysis},
  volume={11},
  number={3},
  pages={938--940},
  year={2016},
  publisher={International Society for Bayesian Analysis}
}

@article{stone_1977_consistent,
  title={Consistent nonparametric regression},
  author={Stone, Charles J},
  journal={The annals of statistics},
  pages={595--620},
  year={1977},
  publisher={JSTOR}
}


@article{gordon_1980_consistent,
  title={Consistent nonparametric regression from recursive partitioning schemes},
  author={Gordon, Louis and Olshen, Richard A},
  journal={Journal of Multivariate Analysis},
  volume={10},
  number={4},
  pages={611--627},
  year={1980},
  publisher={Elsevier}
}

@article{gordon_1984_almost,
  title={Almost surely consistent nonparametric regression from recursive partitioning schemes},
  author={Gordon, Louis and Olshen, Richard A},
  journal={Journal of Multivariate Analysis},
  volume={15},
  number={2},
  pages={147--163},
  year={1984},
  publisher={Elsevier}
}

@inproceedings{angelino_2017_learning,
  title={Learning Certifiably Optimal Rule Lists},
  author={Angelino, Elaine and Larus-Stone, Nicholas and Alabi, Daniel and Seltzer, Margo and Rudin, Cynthia},
  booktitle={Proceedings of the 23rd ACM SIGKDD International Conference on Knowledge Discovery and Data Mining},
  pages={35--44},
  year={2017},
  organization={ACM}
}

@article{barros_2012_survey,
  title={A survey of evolutionary algorithms for decision-tree induction},
  author={Barros, Rodrigo Coelho and Basgalupp, M{\'a}rcio Porto and De Carvalho, Andre CPLF and Freitas, Alex A},
  journal={IEEE Transactions on Systems, Man, and Cybernetics, Part C (Applications and Reviews)},
  volume={42},
  number={3},
  pages={291--312},
  year={2012},
  publisher={IEEE}
}

@article{murthy_1998_automatic,
  title={Automatic construction of decision trees from data: A multi-disciplinary survey},
  author={Murthy, Sreerama K},
  journal={Data mining and knowledge discovery},
  volume={2},
  number={4},
  pages={345--389},
  year={1998},
  publisher={Kluwer academic publishers}
}

@article{lomax_2013_survey,
  title={A survey of cost-sensitive decision tree induction algorithms},
  author={Lomax, Susan and Vadera, Sunil},
  journal={ACM Computing Surveys (CSUR)},
  volume={45},
  number={2},
  pages={16},
  year={2013},
  publisher={ACM}
}

@article{tibshirani_1999_model,
  title={Model search by bootstrap “bumping”},
  author={Tibshirani, Robert and Knight, Keith},
  journal={Journal of Computational and Graphical Statistics},
  volume={8},
  number={4},
  pages={671--686},
  year={1999},
  publisher={Taylor \& Francis}
}

@article{toth_2011_building,
  title={Building consistent regression trees from complex sample data},
  author={Toth, Daniell and Eltinge, John L},
  journal={Journal of the American Statistical Association},
  volume={106},
  number={496},
  pages={1626--1636},
  year={2011},
  publisher={Taylor \& Francis}
}

@article{lemon_2003_classification,
  title={Classification and regression tree analysis in public health: methodological review and comparison with logistic regression},
  author={Lemon, Stephenie C and Roy, Jason and Clark, Melissa A and Friedmann, Peter D and Rakowski, William},
  journal={Annals of behavioral medicine},
  volume={26},
  number={3},
  pages={172--181},
  year={2003},
  publisher={Springer}
}

@article{zhu_2010_cognitive,
  title={Cognitive process model of individual choice behaviour incorporating principles of bounded rationality and heterogeneous decision heuristics},
  author={Zhu, Wei and Timmermans, Harry},
  journal={Environment and Planning B: Planning and Design},
  volume={37},
  number={1},
  pages={59--74},
  year={2010},
  publisher={SAGE Publications Sage UK: London, England}
}

@article{green_1988_completely,
  title={Completely unacceptable levels in conjoint analysis: A cautionary note},
  author={Green, Paul E and Krieger, Abba M and Bansal, Pradeep},
  journal={Journal of Marketing Research},
  pages={293--300},
  year={1988},
  publisher={JSTOR}
}

@article{huber_1991_adapting,
  title={Adapting cutoffs to the choice environment: the effects of attribute correlation and reliability},
  author={Huber, Joel and Klein, Noreen M},
  journal={Journal of Consumer Research},
  volume={18},
  number={3},
  pages={346--357},
  year={1991},
  publisher={The University of Chicago Press}
}

@article{strobl_2009_introduction,
  title={An introduction to recursive partitioning: rationale, application, and characteristics of classification and regression trees, bagging, and random forests.},
  author={Strobl, Carolin and Malley, James and Tutz, Gerhard},
  journal={Psychological methods},
  volume={14},
  number={4},
  pages={323},
  year={2009},
  publisher={American Psychological Association}
}

@article{quinlan_1990_probabilistic,
  title={Probabilistic decision trees},
  author={Quinlan, John Ross},
  journal={{Machine Learning: an artificial intelligence approach}},
  volume={3},
  pages={140--152},
  year={1990},
  publisher={Morgan Kaufmann San Francisco}
}

@inproceedings{jang_1994_structure,
  title={Structure determination in fuzzy modeling: a fuzzy CART approach},
  author={Jang, J-SR},
  booktitle={Fuzzy Systems, 1994. IEEE World Congress on Computational Intelligence., Proceedings of the Third IEEE Conference on},
  pages={480--485},
  year={1994},
  organization={IEEE}
}

@article{kindermann_1998_model,
  title={Model switching for bayesian classification trees with soft splits},
  author={Kindermann, J{\"o}rg and Paass, Gerhard},
  journal={Principles of Data Mining and Knowledge Discovery},
  pages={148--157},
  year={1998},
  publisher={Springer}
}

@article{villandre_2012_soft,
  title={Soft Classification Trees},
  author={Villandr{\'e}, Luc and Rich, Benjamin and Ciampi, Antonio},
  journal={Communications in Statistics-Theory and Methods},
  volume={41},
  number={16-17},
  pages={3244--3258},
  year={2012},
  publisher={Taylor \& Francis}
}

@article{olaru_2003_complete,
  title={A complete fuzzy decision tree technique},
  author={Olaru, Cristina and Wehenkel, Louis},
  journal={Fuzzy sets and systems},
  volume={138},
  number={2},
  pages={221--254},
  year={2003},
  publisher={Elsevier}
}

@article{vij_2013_incorporating,
  title={Incorporating the influence of latent modal preferences on travel mode choice behavior},
  author={Vij, Akshay and Carrel, Andr{\'e} and Walker, Joan L.},
  journal={Transportation Research Part A: General},
  volume={54},
  pages={164--178},
  year={2013},
  publisher={Elsevier}
}

@article{vij_2014_preference,
	title = {Preference endogeneity in discrete choice models},
	volume = {64},
	issn = {0191-2615},
	url = {http://www.sciencedirect.com/science/article/pii/S0191261514000344},
	doi = {10.1016/j.trb.2014.02.008},
	urldate = {2015-01-06},
	journal = {Transportation Research Part B: Methodological},
	author = {Vij, Akshay and Walker, Joan L.},
	month = jun,
	year = {2014},
	pages = {90--105}
}

@article{buhlmann_2007_boosting,
  title={{Boosting Algorithms: Regularization, Prediction and Model Fitting} (with discussion)},
  author={B{\"u}hlmann, Peter and Hothorn, Torsten},
  journal={Statistical Science},
  volume={22},
  number={4},
  pages={477--505},
  year={2007}
}

@article{breiman_2001_random,
  title={Random Forests},
  author={Breiman, Leo},
  journal={Machine Learning},
  volume={45},
  pages={5--32},
  year={2001},
  publisher={Kluwer Academic Publishers}
}

@article{marquardt_1975_ridge,
  title={Ridge Regression in Practice},
  author={Marquardt, Donald W and Snee, Ronald D},
  journal={The American Statistician},
  volume={29},
  number={1},
  pages={3--20},
  year={1975}
}

@article{allenby_1999_marketing,
  title={Marketing models of consumer heterogeneity},
  author={Allenby, Greg M and Rossi, Peter E},
  journal={Journal of Econometrics},
  volume={89},
  pages={57--78},
  year={1999},
  publisher={Elsevier}
}

@article{rokach_2010_ensemble,
  title={Ensemble-based classifiers},
  author={Rokach, Lior},
  journal={Artificial Intelligence Review},
  volume={33},
  pages={1--39},
  year={2010},
  publisher={Springer}
}

@misc{minka_2002_bayesian,
  title={Bayesian model averaging is not model combination},
  author={Minka, Thomas P},
  url={https://pdfs.semanticscholar.org/e30a/1d14dd097608583d6c200b43fada35dac444.pdf},
  pages={1--2},
  year={2002}
}

@article{newton_1994_approximate,
  title={Approximate Bayesian inference with the weighted likelihood bootstrap},
  author={Newton, Michael A and Raftery, Adrian E},
  journal={Journal of the Royal Statistical Society. Series B (Methodological)},
  pages={3--48},
  year={1994},
  publisher={JSTOR}
}

@article{rubin_1981_bayesian,
  title={The bayesian bootstrap},
  author={Rubin, Donald B},
  journal={The Annals of Statistics},
  volume={9},
  number={1},
  pages={130--134},
  year={1981},
  publisher={Institute of Mathematical Statistics}
}

@article{swait_2002_context,
  title={{Context Dependence and Aggregation in Disaggregate Choice Analysis}},
  author={Swait, Joffre, and Adamowicz, Wiktor and Hanemann, Michael and Diederich, Adele and Krosnick, Jon and Layton, David and Provencher, William and Schkade, David and Tourangeau, Roger},
  journal={Marketing Letters},
  volume={13},
  number={3},
  pages={195--205},
  year={2002},
  publisher={Kluwer academic publishers}
}

@article{steinberg_hybrid_1998,
	title = {The hybrid {CART}-{Logit} model in classification and data mining},
	url = {http://media.salford-systems.com/pdf/the-hybrid-cart-logit-model-in-classification-and-data%20mining-1998.pdf},
	urldate = {2014-11-20},
	journal = {Salford Systems White Paper},
	author = {Steinberg, Dan and Cardell, N. Scott},
	year = {1998},
	file = {[PDF] from salford-systems.com:/home/timothy/.zotero/zotero/u5115c05.default/zotero/storage/X9F5C3TW/Steinberg and Cardell - 1998 - The hybrid CART-Logit model in classification and .pdf:application/pdf}
}

@article{su_2007_tree,
  title={Tree-based model checking for logistic regression},
  author={Su, Xiaogang},
  journal={Statistics in medicine},
  volume={26},
  pages={2154--2169},
  year={2007},
  publisher={Wiley Online Library}
}

@article{kim_2009_two,
  title={{Two-Stage Logistic Regression Model}},
  author={Kim, M},
  journal={Expert Systems with Applications},
  volume={36},
  pages={6727--6734},
  year={2009}
}

@article{kim_2011_two,
  title={{Two-Stage Multinomial Logit Model}},
  author={Kim, J. H. and Kim, M},
  journal={Expert Systems with Applications},
  volume={38},
  pages={6439--6446},
  year={2011}
}

@article{zeilis_2008_model,
  title={{Model-Based Recursive Partitioning}},
  author={Zeilis, Achim and Hothorn, Torsten and Hornik, Kurt},
  journal={Journal of Computational and Graphical Statistics},
  volume={17},
  number={2},
  pages={492--514},
  year={2008},
  publisher={Taylor \& Francis}
}

@article{rusch_2013_gaining,
  title={{Gaining insight with recursive partitioning of generalized linear models}},
  author={Rusch, Thomas and Zeilis, Achim},
  journal={Journal of Statistical Computation and Simulation},
  volume={83},
  number={7},
  pages={1301--1315},
  year={2013},
  publisher={Taylor \& Francis}
}

@article{chan_2004_lotus,
  title={{LOTUS: An Algorithm for Building Accurate and Comprehensible Logistic Regression Trees}},
  author={Chan, K.Y. and Loh, W.Y.},
  journal={Journal of Computational and Graphical Statistics},
  volume={13},
  pages={826--852},
  year={2004},
  publisher={Taylor \& Francis}
}

@article{landwehr_2005_logistic,
  title={{Logistic Model Trees}},
  author={Landwehr, Niels, and Hall, Mark, and Frank, Eibe},
  journal={Machine Learning},
  volume={59},
  pages={161--205},
  year={2005},
  publisher={Springer}
}

@article{yu_2016_logit,
  title={{Logit tree models for discrete choice data with application to advice-seeking preferences among Chinese Christians}},
  author={Yu, Philip L.H. and Lee, Paul H. and Cheung, S.F. and Lau, Esther Y.Y. and Mok, Doris S.Y. and Hui, Harry, C.},
  journal={Computational Statistics},
  volume={31},
  pages={799--827},
  year={2016},
  publisher={Springer}
}

@article{pei_2016_multivariate,
  title={{Multivariate decision trees with monotonicity constraints}},
  author={Pei, Shenglei and Hu, Qinghua and Chen, Chao},
  journal={Knowledge-Based Systems},
  volume={112},
  pages={14--25},
  year={2016},
  publisher={Elsevier}
}

@article{hu_2012_rank,
  title={{Rank Entropy Based Decision Trees for Monotonic Classification}},
  author={Hu, Qinghua and Che, Xunjian and Zhang, Lei and Zhang, David and Guo, Maozu and Yu, Daren},
  journal={IEEE Transactions on Knowledge and Data Engineering},
  volume={24},
  number={11},
  pages={2052--2064},
  year={2012},
}

@article{marsala_2015_rank,
  title={{Rank discrimination measures for enforcing monotonicity in decision tree induction}},
  author={Marsala, Christophe and Petturiti, Davide},
  journal={Information Sciences},
  volume={291},
  pages={143--171},
  year={2015},
  publisher={Elsevier}
}

@article{velikova_2004_decision,
  title={{Decision trees for monotone price models}},
  author={Velikova, Marina and Daniels, Hennie},
  journal={Computational Management Science},
  volume={1},
  pages={231--244},
  year={2004},
  publisher={Springer-Verlag}
}

@article{potharst_2002_classification,
  title={{Classification trees for problems with monotonicity constraints}},
  author={Potharst, R and Feelders, AJ},
  journal={SIGKDD Explorations Newsletter},
  volume={4},
  number={1},
  pages={1--10},
  year={2002}
}

@inproceedings{bishop_2003_bayesian,
  title={{Bayesian Hierarchical Mixtures of Experts}},
  author={Bishop, Christopher M and Svens{\'e}n, Markus},
  booktitle={Proceedings of the Nineteenth conference on Uncertainty in Artificial Intelligence},
  pages={57--64},
  year={2003},
  organization={Morgan Kaufmann Publishers Inc.}
}

@incollection{yildiz_2016_bagging,
  title={{Bagging Soft Decision Trees}},
  author={Yildiz, Olcay Taner and Irsoy, Ozan and Alpaydin, Ethem},
  booktitle={Machine Learning for Health Informatics},
  editor={Holzinger, A},
  pages={25--36},
  year={2016},
  publisher={Springer}
}

@article{seyedhosseini_2015_disjunctive,
  title={{Disjunctive normal random forests}},
  author={Seyedhosseini, Mojtaba and Tasdizen, Tolga},
  journal={Pattern Recognition},
  volume={48},
  pages={976--983},
  year={2015}
}

@article{yuksel_2012_twenty,
  title={{Twenty Years of Mixture of Experts}},
  author={Yuksel, Seniha Esen and Wilson, Joseph N and Gader, Paul D},
  journal={IEEE Transactions on Neural Networks and Learning Systems},
  volume={23},
  number={8},
  pages={1177--1193},
  year={2012}
}

@article{jordan_1994_hierarchical,
  title={{Hierarchical Mixtures of Experts}},
  author={Jordan, Michael I and Jacobs, Robert A},
  journal={Neural Computation},
  volume={6},
  pages={181--214},
  year={1994}
}

@article{kumar_2016_ensemble,
  title={{Ensemble of randomized soft decision trees for robust classification}},
  author={Kumar, G Kishor and Viswanath, P and Rao, A Ananda},
  journal={Sadhana},
  volume={41},
  number={3},
  pages={273--282},
  year={2016}
}

@book{lakshminarayanan_2016_decision,
  title={{Decision Trees and Forests: A Probabilistic Perspective}},
  author={Lakshminarayanan, Balaji},
  year={2016},
  publisher={Ph.D. Thesis, Gatsby Computational Neuroscience Unit, University College London},
  address={London, UK}
}

@article{gonzalez_2015_monotonic,
  title={{Monotonic Random Forest with an Ensemble Pruning Mechanism based on the Degree of Monotonicity}},
  author={Gonz{\'a}lez, Sergio and Herrera, Francisco and Garc{\'i}a, Salvador},
  journal={New Generation Computing},
  volume={33},
  pages={367--388},
  year={2015}
}

@book{goldsmith_1992_reasons,
	title = {Reasons why bicycling and walking are and are not being used more extensively as travel modes},
	url = {http://safety.fhwa.dot.gov/ped_bike/docs/case1.pdf},
	number = {1},
	publisher = {Federal Highway Administration},
	author = {Goldsmith, Stewart A.},
	year = {1992}
}

@techreport{cleland_2004_why,
	address = {New Zealand},
	title = {Why don{\textquoteright}t people walk and cycle},
	url = {http://can.org.nz/system/files/Why%20dont%20people%20walk%20and%20cycle.pdf},
	number = {528007},
	urldate = {2016-01-20},
	institution = {Central Laboratories},
	author = {Cleland, B. S. and Walton, D.},
	month = jul,
	year = {2004}
}

@article{mahmoud_2016_myopic,
  title={{Myopic choice or rational decision making? An investigation into mode choice preference structures in competitive modal arrangements in a multimodal urban area, the City of Toronto}},
  author={Mahmoud, Mohamed Salah and Weiss, Adam and Habib, Khandker Nurul},
  journal={Canadian Journal of Civil Engineering},
  volume={43},
  number={5},
  pages={420--428},
  year={2016},
  publisher={NRC Research Press}
}

@article{bhat_1998_accommodating,
  title={Accommodating variations in responsiveness to level-of-service measures in travel mode choice modeling},
  author={Bhat, Chandra R},
  journal={Transportation Research Part A: Policy and Practice},
  volume={32},
  number={7},
  pages={495--507},
  year={1998},
  publisher={Elsevier}
}

@article{kamakura_1996_modeling,
  title={Modeling preference and structural heterogeneity in consumer choice},
  author={Kamakura, Wagner A and Kim, Byung-Do and Lee, Jonathan},
  journal={Marketing Science},
  volume={15},
  number={2},
  pages={152--172},
  year={1996},
  publisher={INFORMS}
}

@article{sisson_2005_transdimensional,
  title={Transdimensional Markov Chains},
  author={Sisson, Scott A},
  journal={Journal of the American Statistical Association},
  volume={100},
  number={471},
  pages={1077--1089},
  year={2005},
  publisher={Taylor \& Francis}
}

@article{wu_2007_bayesian,
  title={{Bayesian CART: Prior Specification and Posterior Simulation}},
  author={Wu, Yuhong and Tjelmeland, Hakon and West, Mike},
  journal={Journal of Computational and Graphical Statistics},
  volume={16},
  number={1},
  pages={44--66},
  year={2007},
  publisher={Taylor \& Francis}
}

@article{green_1995_reversible,
  title={{Reversible jump Markov chain Monte Carlo computation and Bayesian model determination}},
  author={Green, Peter J},
  journal={Biometrika},
  volume={82},
  number={4},
  pages={711--732},
  year={1995},
  publisher={Oxford University Press}
}

@article{das_2017_transdimensional,
  title={{Transdimensional Transformation based Markov Chain Monte Carlo}},
  author={Das, Moumita and Bhattacharya, Sourabh},
  journal={arXiv preprint arXiv:1403.5207v5},
  year={2017}
}

@incollection{fan_2011_reversible,
  title={{Reversible Jump MCMC}},
  author={Fan, Yanan and Sisson, Scott A},
  booktitle={{Handbook of Markov Chain Monte Carlo}},
  editor={Brooks, Steve and Gelman, Andrew and Jones, Galin L and Meng, Xiao-Li},
  pages={67--91},
  year={2011},
  publisher={Chapman \& Hall/CRC},
  address={New York}
}

@article{braun_2016_scalable,
  title={Scalable Rejection Sampling for Bayesian Hierarchical Models},
  author={Braun, Michael and Damien, Paul},
  journal={Marketing Science},
  volume={35},
  number={3},
  pages={427--444},
  year={2016},
  publisher={INFORMS}
}

@article{gelman_1992_iterative,
  title={Iterative and non-iterative simulation algorithms},
  author={Gelman, Andrew},
  journal={{Computing Science and Statistics}},
  volume={24},
  pages={433--438},
  year={1992},
}

@article{hesterberg_1995_weighted,
  title={Weighted average importance sampling and defensive mixture distributions},
  author={Hesterberg, Tim},
  journal={{Technometrics}},
  volume={37},
  number={2},
  pages={185--194},
  year={1995},
}

@techreport{san_francisco_metropolitan_transportation_commission_travel_2012,
	title = {Travel {Model} {Development}: {Calibration} and {Validation}},
	url = {http://mtcgis.mtc.ca.gov/foswiki/pub/Main/Documents/2012_05_18_RELEASE_DRAFT_Calibration_and_Validation.pdf},
	urldate = {2016-01-03},
	institution = {San Francisco Metropolitan Transportation Commission},
	author = {San Francisco Metropolitan Transportation Commission and Parsons Brinckerhoff},
	month = may,
	year = {2012},
	pages = {213},
	file = {2012_05_18_RELEASE_DRAFT_Calibration_and_Validation.pdf:/home/timothy/.zotero/zotero/u5115c05.default/zotero/storage/AKC7V33T/2012_05_18_RELEASE_DRAFT_Calibration_and_Validation.pdf:application/pdf}
}

@techreport{california_department_of_transportation_2010-2012_2013,
	title = {2010-2012 {California} {Household} {Travel} {Survey} {Final} {Report}},
	url = {http://www.dot.ca.gov/hq/tsip/FinalReport.pdf},
	urldate = {2014-08-01},
	author = {{California Department of Transportation}},
	month = jun,
	year = {2013}
}

@book{gelman_2014_bayesian,
  title={Bayesian data analysis},
  author={Gelman, Andrew and Carlin, John B and Stern, Hal S and Dunson, David B and Vehtari, Aki and Rubin, Donald B},
  volume={3},
  year={2014},
  publisher={CRC press Boca Raton, FL}
}

@article{gelman_2006_multilevel,
  title={Multilevel (hierarchical) modeling: what it can and cannot do},
  author={Gelman, Andrew},
  journal={Technometrics},
  volume={48},
  number={3},
  pages={432--435},
  year={2006},
  publisher={Taylor \& Francis}
}

@techreport{bafumi_2006_fitting,
  title={Fitting multilevel models when predictors and group effects correlate},
  author={Bafumi, Joseph and Gelman, Andrew},
  url ={http://dx.doi.org/10.2139/ssrn.1010095},
  year={2006}
}

@article{papaspiliopoulos_2007_general,
  title={{A General Framework for the Parametrization of Hierarchical Models}},
  author={Papaspiliopoulos, Omiros and Robers, Gareth O. and Sk{\"o}ld, Martin},
  journal={Statistical Science},
  volume={22},
  number={1},
  pages={59--73},
  year={2007}
}

@inproceedings{borgelt_2005_implementation,
  title={{An implementation of the FP-growth algorithm}},
  author={Borgelt, Christian},
  booktitle={{OSDM'05 Proceedings of the 1st International Workshop on Open Source Data Mining: Frequent Pattern Mining Implementations}},
  pages={1--5},
  year={2005},
  publisher={ACM, New York}
}

@article{vuong_1989_likelihood,
  title={Likelihood ratio tests for model selection and non-nested hypotheses},
  author={Vuong, Quang H},
  journal={Econometrica: Journal of the Econometric Society},
  volume={57},
  number={2},
  pages={307--333},
  year={1989},
  publisher={JSTOR}
}

@article{walker_2013_bayesian,
  title={Bayesian inference with misspecified models},
  author={Walker, Stephen G},
  journal={Journal of Statistical Planning and Inference},
  volume={143},
  pages={1621--1633},
  year={2013},
  publisher={Elsevier}
}

@article{dawid_2002_comment,
  title={Comment on Bayesian measures of complexity and fit},
  author={Dawid, A. P.},
  journal={{Journal of the Royal Statistics Society: Series B (Methodological)}},
  volume={64},
  number={4},
  pages={583--639},
  year={2002},
  publisher={JSTOR}
}

@incollection{wagenmakers_2008_bayesian,
  title={Bayesian versus frequentist inference},
  author={Wagenmakers, Eric-Jan and Lee, Michael and Lodewyckx, Tom and Iverson, Geoffrey J},
  booktitle={{Bayesian Evaluation of Informative Hypotheses}},
  editor={Hoijtink, Herbert and Klugkist, Irene and Boelen, Paul},
  pages={181--207},
  year={2008},
  publisher={Springer}
}

@techreport{mckenzie_2014_modes,
  title={{Modes less traveled---Bicycling and walking to work in the United States: 2008-2012}},
  author={McKenzie, Brian},
  year={2014},
  institution={United States Census Bureau},
  address={Suitland, MD}
}

@techreport{mcleod_2016_where,
  title={{Where We Ride: Analysis of bicycle commuting in American Cities}},
  author={McLeod, Ken},
  year={2016},
  institution={League of American Bicyclists},
}


@techreport{caltrans_2017_toward,
	title = {Toward An Active California: State Bicycle + Pedestrian Plan},
	url = {http://www.dot.ca.gov/activecalifornia/documents/Hi-Res_Final_ActiveCA.pdf},
	urldate = {2017-05},
	institution = {California State Department of Transportation},
	author = {Caltrans},
	month = {May},
	year = {2017}
}

@article{pucher_2008_making,
  title={Making cycling irresistible: lessons from the Netherlands, Denmark and Germany},
  author={Pucher, John and Buehler, Ralph},
  journal={Transport reviews},
  volume={28},
  number={4},
  pages={495--528},
  year={2008},
  publisher={Taylor \& Francis}
}

@techreport{directorate_2015_quality,
	title = {Quality of transport},
	author={{TNS Opinion \& Social}},
	shortauthor={European Commission},
	url = {https://publications.europa.eu/en/publication-detail/-/publication/fb18e0ed-52d0-41cd-be6c-61aad310fb53/language-en},
	urldate = {2015-05-05},
	institution = {{Directorate-General for Mobility and Transport (European Commission)}},
	month = {May},
	year = {2015}
}

@book{brathwaite_2018_holy,
  title={{The Holy Trinity: Blending Statistics, Machine Learning and Discrete Choice with Applications to Strategic Bicycle Planning}},
  author={Brathwaite, Timothy},
  year={2018},
  publisher={Ph.D. Thesis, Dept. of Civil Engineering, University of California, Berkeley},
  address={Berkeley, CA}
}